@MISC{Sikuli:Website,
  title = {sikuli website},
  howpublished={\url{http://sikuli.org/}}
}

@MISC{Sikuli:Documentation,
  title = {sikuli documentation},
  howpublished={\url{http://sikuli.org/docx/}}
}

@inproceedings{Yeh:2009:Sikuli,
 author = {Yeh, Tom and Chang, Tsung-Hsiang and Miller, Robert C.},
 title = {Sikuli: using GUI screenshots for search and automation},
 booktitle = {Proceedings of the 22nd annual ACM symposium on User interface
software and technology},
 series = {UIST '09},
 year = {2009},
 isbn = {978-1-60558-745-5},
 location = {Victoria, BC, Canada},
 pages = {183--192},
 numpages = {10},
 url = {http://doi.acm.org/10.1145/1622176.1622213},
 doi = {http://doi.acm.org/10.1145/1622176.1622213},
 acmid = {1622213},
 publisher = {ACM},
 address = {New York, NY, USA},
 keywords = {automation, image search, online help},
}

@MISC{GoFigure2:Website,
  title = {GoFigure2 website},
  howpublished={\url{http://gofigure2.sourceforge.net/}}
}

@MISC{JUnit:Website,
  title = {JUnit website},
  howpublished={\url{http://www.junit.org/}}
}

